%%%%%%%%%%%%%%%%%%%%%%%%%%%%%%%%%%%%%%%%%%%%%%%%%%%%%%%%%%%%%%%%%%%%
%% bibliography.bib
%% 
%% All the references
%%%%%%%%%%%%%%%%%%%%%%%%%%%%%%%%%%%%%%%%%%%%%%%%%%%%%%%%%%%%%%%%%%%%

%%%%
%%%%	Bigtable: A distributed storage system for structured data
%%%%
@article{Chang2006,
	author		= {Chang, Fay and Dean, Jeffrey and Ghemawat, Sanjay and Hsieh, Wilson C. and Wallach, Deborah A. and Burrows, Mike and Chandra, Tushar and Fikes, Andrew and Gruber, Robert E.},
	doi			= {10.1145/1365815.1365816},
	file		= {:Users/lumitesi/Google Drive/Luis Silva/Tese/Papers/Preparação/bigtable-osdi06.pdf:pdf},
	isbn		= {1931971471},
	issn		= {07342071},
	journal		= {7th Symposium on Operating Systems Design and Implementation (OSDI '06), November 6-8, Seattle, WA, USA},
	pages		= {205--218},
	title		= {{Bigtable: A distributed storage system for structured data}},
	url			= {http://research.google.com/archive/bigtable-osdi06.pdf},
	year		= {2006}
}

%%%%
%%%%	The Google file system
%%%%
@article{Ghemawat2003,
	author		= {Ghemawat, Sanjay and Gobioff, Howard and Leung, Shun-Tak},
	doi			= {10.1145/1165389.945450},
	eprint		= {z0024},
	file		= {:Users/lumitesi/Google Drive/Luis Silva/Tese/Papers/Preparação/gfs-sosp2003.pdf:pdf},
	isbn		= {1581137575},
	issn		= {01635980},
	journal		= {ACM SIGOPS Operating Systems Review},
	keywords 	= {clustered storage,data storage,fault tolerance,scalability},
	number 		= {5},
	pages 		= {29},
	pmid 		= {191},
	title 		= {{The Google file system}},
	volume 		= {37},
	year 		= {2003}
}

%%%%
%%%%	Formal Requirements for Virtualizable Third Generation Architectures
%%%%
@article{Popek1974,
	author		= {Popek, Gerald J. and Goldberg, Robert P.},
	url			= {http://doi.acm.org/10.1145/361011.361073},
	doi			= {10.1145/957195.808061},
	file		= {:Users/lumitesi/Google Drive/Luis Silva/Tese/Papers/Prepara{\c{c}}{\~{a}}o/p412-popek.pdf:pdf},
	isbn		= {00010782},
	issn		= {01635980},
	journal		= {Communications of the ACM},
	number		= {7},
	pages		= {412--421},
	title		= {{Formal requirements for virtualizable third generation architectures}},
	volume		= {17},
	year		= {1974}
}

%%%%
%%%%	Ceph: A Scalable, High-Performance Distributed File System
%%%%
@article{Weil2006,
	author 		= {Weil, S A and Brandt, S A and Miller, E L and Long, D D E and Maltzahn, C},
	doi 		= {10.1.1.110.4574},
	file 		= {:Users/lumitesi/Google Drive/Luis Silva/Tese/Papers/Preparação/p307-weil.pdf:pdf},
	isbn 		= {1931971471},
	journal 	= {Proceedings of USENIX Symposium on Operating Systems Design and Implementation},
	pages 		= {307--320},
	title 		= {{Ceph: A Scalable, High-Performance Distributed File System}},
	year 		= {2006}
}

%%%%
%%%%	BTRFS: The Linux B-Tree Filesystem
%%%%
@article{Rodeh2013,
	author 		= {Rodeh, Ohad and Bacik, Josef and Mason, Chris},
	doi 		= {10.1145/2501620.2501623},
	file 		= {:Users/lumitesi/Google Drive/Luis Silva/Tese/Papers/Preparação/a9-rodeh.pdf:pdf},
	issn 		= {15533077},
	journal 	= {ACM Transactions on Storage},
	keywords 	= {B-trees,RAID,concurrency,copy-on-write,filesystem,shadowing,snapshots},
	number 		= {3},
	pages 		= {1--32},
	title 		= {{BTRFS: The Linux B-Tree Filesystem}},
	url 		= {http://doi.acm.org/10.1145/2501620.2501623{\%}5Cnhttp://dl.acm.org/citation.cfm?id=2501620.2501623},
	volume 		= {9},
	year 		= {2013}
}

%%%%
%%%%	The NIST Definition of Cloud Comp
%%%%
@article{Mell2011,
	archivePrefix = {arXiv},
	arxivId 	= {2305-0543},
	author 		= {Mell, Peter and Grance, Timothy},
	doi 		= {10.1136/emj.2010.096966},
	eprint 		= {2305-0543},
	file 		= {:Users/lumitesi/Google Drive/Luis Silva/Tese/Papers/nistspecialpublication800-145.pdf:pdf},
	isbn 		= {1047-6210},
	issn 		= {00845612},
	journal 	= {NIST Special Publication},
	keywords 	= {NIST SP 800-145,The NIST Definition of Cloud Comp},
	pages 		= {7},
	pmid 		= {21450758},
	title 		= {{The NIST definition of cloud computing}},
	volume 		= {145},
	year 		= {2011}
}


%%%%
%%%%	A Survey of Distributed File Systems
%%%%
@article{Satyanarayanan1990,
	author 		= {Satyanarayanan, M},
	file 		= {:Users/lumitesi/Google Drive/Luis Silva/Tese/Papers/satya89survey.pdf:pdf},
	journal 	= {Annu. Rev. Comput. Sci.},
	number 		= {4976},
	pages 		= {73--104},
	title 		= {{A Survey of Distributed File Systems}},
	volume 		= {4},
	year 		= {1990}
}




%%%%
%%%%	Virtualization overview - VMware White Paper 
%%%%
@techreport{VMware_VM2006,
	author		= {VMware},
	booktitle	= {White Paper, http://www. vmware. com/pdf/virtualization. pdf},
	file		= {:Users/lumitesi/Google Drive/Luis Silva/Tese/Papers/vmware{\_}virtualization.pdf:pdf},
	pages		= {1--11},
	title		= {{Virtualization overview}},
	url			= {http://www.vmware.com/pdf/virtualization.pdf},
	year		= {2006}
}

%%%%
%%%%	VDI : A New Desktop Strategy - VMware White Paper 
%%%%
@techreport{VMWare_VDI2006,
	author		= {VMWare},
	booktitle	= {White Paper, https://www.vmware.com/pdf/vdi_strategy.pdf},
	file		= {:Users/lumitesi/Google Drive/Luis Silva/Tese/Papers/vmware{\_}vdi{\_}strategy.pdf:pdf},
	pages		= {1--19},
	title		= {{VDI : A New Desktop Strategy}},
	url			= {https://www.vmware.com/pdf/vdi_strategy.pdf},
	year		= {2006}
}


%%%%
%%%%	Virtualization Essentials 
%%%%
@book{Portnoy2012,
	author		= {Portnoy, Matthew},
	title 		= {Virtualization Essentials},
 	year 		= {2012},
	isbn 		= {1118176715, 9781118176719},
 	edition 	= {1st},
 	publisher	= {SYBEX Inc.},
 	address 	= {Alameda, CA, USA},
}

%%%%
%%%%	Distributed Systems: Concepts and Design
%%%%
@book{Coulouris2011,
 	author 		= {Coulouris, George and Dollimore, Jean and Kindberg, Tim and Blair, Gordon},
 	title 		= {Distributed Systems: Concepts and Design},
 	year 		= {2011},
 	isbn 		= {0132143011, 9780132143011},
 	edition 	= {5th},
 	publisher 	= {Addison-Wesley Publishing Company},
 	address 	= {USA},
} 

@MastersThesis{Nuno2016,
    author		= {Nuno Alves},
    title		= {{Linked clones baseados em funcionalidades de snapshot do sistema de ficheiros}},
    school		= {Universidade NOVA de Lisboa},
    year		= {2016},
}
    
@MastersThesis{Eduardo2016,
    author		= {Eduardo Martins},
    title		= {{Object-Base Storage for the support of Linked-Clone Virtual Machines}},
    school		= {Universidade NOVA de Lisboa},
    year		= {2016},
}

@techreport{P2020,
	author		= {Paulo Lopes}, 
	title		= {Proposta de Candidatura ao programa P2020},
	institution	= {DI-FCT/NOVA, Reditus S.A},
	year		= {2015},
	pages		= {1--26},
}

@techreport{rfc6143,
	author		= {T. Richardson, J. Levine},
	title		= {The Remote Framebuffer Protocol},
	howpublished= {Internet Requests for Comments},
	type		= {RFC},
	number 		= {6143},
	pages		= {1--39},
	year		= {2011},
	month		= {March},
	issn		= {2070-1721},
	publisher	= {Internet Engineering Task Force (IETF)},
	institution	= {Internet Engineering Task Force (IETF)},
	url			= {https://tools.ietf.org/html/rfc6143}
}

@techreport{rfc5661,
	author		= {S. Shepler, M. Eisler, D. Noveck},
	title		= {Network File System (NFS) Version 4 Minor Version 1 Protocol},
	howpublished= {Internet Requests for Comments},
	type		= {RFC},
	number 		= {5661},
	pages		= {1--617},
	year		= {2010},
	month		= {January},
	issn		= {2070-1721},
	publisher	= {Internet Engineering Task Force (IETF)},
	institution	= {Internet Engineering Task Force (IETF)},
	url			= {https://tools.ietf.org/html/rfc6143}
}


%%%%
%%%%	Websites and Images
%%%%
@misc{appds_2017,
	title 		= {AppDelivery Solutions - Desktop Virtualization},
	url			= {https://appds.eu/Home/DesktopVirt},
	urldate		= {2017-2-5},
	journal		= {AppDelivery Solutions},
	year		= {2017}
}

@misc{aws_2017,
	title 		= {Amazon Web Services (AWS) -  Cloud Computing Services},
	url			= {https://aws.amazon.com/},
	urldate		= {2017-2-5},
	journal		= {Amazon Web Services, Inc.},
	year		= {2017}
}

@misc{gcp_2017,
	title 		= {Google Cloud Platform},
	url			= {https://cloud.google.com/},
	urldate		= {2017-2-5},
	journal		= {Google Cloud Platform},
	year		= {2017}
}

@misc{VMWare_VMFiles,
	title 		= {What Files Make Up a Virtual Machine?},
	url			= {https://www.vmware.com/support/ws55/doc/ws_learning_files_in_a_vm.html},
	urldate		= {2017-2-5},
	journal		= {VMware},
	year		= {2006}
}

@misc{Microsoft_RDP,
	title 		= {Remote Desktop Protocol},
	url			= {https://msdn.microsoft.com/en-us/library/aa383015(v=vs.85).aspx},
	urldate		= {2017-2-7},
	journal		= {Microsoft Developers Network (MSDN)},
	year		= {2017}
}

@misc{Microsoft_RDS,
	title 		= {Microsoft Remote Desktop Services (RDS) Explained},
	url			= {https://technet.microsoft.com/en-us/video/remote-desktop-services-rds-explained.aspx},
	urldate		= {2017-2-7},
	journal		= {Microsoft TechNet},
	year		= {2010}
}

@misc{Citrix_XenDesktop,
	title 		= {XenApp \& XenDesktop},
	url			= {https://www.citrix.co.uk/products/xenapp-xendesktop/},
	urldate		= {2017-2-7},
	journal		= {Citrix},
	year		= {2017}
}

@misc{VMware_horizon,
	title 		= {VMware Horizon},
	url			= {http://www.vmware.com/products/horizon.html},
	urldate		= {2017-2-7},
	journal		= {VMware},
	year		= {2017}
}

@misc{VMblog_Citrix,
	title 		= {Citrix Bids Adieu to XenClient},
	url			= {http://vmblog.com/archive/2015/09/24/citrix-bids-adieu-to-xenclient.aspx},
	urldate		= {2017-2-7},
	journal		= {David Marshall on VMblog},
	year		= {2015}
}

@misc{aws_s3,
	author 		= {{Amazon Web Services}},
	title 		= {{Amazon Simple Storage Service (S3)}},
	url 		= {https://aws.amazon.com/s3/},
	year		= {2017},
	urldate 	= {2017-02-10}
}

@misc{Swift2017,
	author 		= {SwiftStack},
	booktitle 	= {SwiftStack},
	title 		= {{OpenStack Swift}},
	url 		= {https://www.swiftstack.com/product/openstack-swift},
	urldate 	= {2017-02-10},
	year 		= {2017}
}

@misc{gcp_storage,
	author 		= {Google},
	booktitle 	= {Google},
	title 		= {{Google Cloud Platform - Cloud Storage}},
	url 		= {https://cloud.google.com/storage/},
	urldate 	= {2017-02-10},
	year 		= {2017}
}

@misc{wiki_File_Allocation_Table,
	author 		= {Wikipedia},
	booktitle 	= {Wikipedia},
	title 		= {{File Allocation Table}},
	url 		= {http://en.wikipedia.org/w/index.php?title=File%20Allocation%20Table&oldid=758818482},
	urldate 	= {2017-02-12},
	year 		= {2017}
}

@misc{wiki_NTFS,
	author 		= {Wikipedia},
	booktitle 	= {Wikipedia},
	title 		= {{NTFS}},
	url 		= {http://en.wikipedia.org/w/index.php?title=NTFS&oldid=762037695},
	urldate 	= {2017-02-12},
	year 		= {2017}
}

@misc{wiki_HFS_Plus,
	author 		= {Wikipedia},
	booktitle 	= {Wikipedia},
	title 		= {{HFS Plus}},
	url 		= {http://en.wikipedia.org/w/index.php?title=HFS%20Plus&oldid=764535752},
	urldate 	= {2017-02-12},
	year 		= {2017}
}

@misc{github_fio,
	author 		= {Jens Axboe},
	booktitle 	= {Jens Axboe},
	title 		= {{Flexible I/O Tester}},
	url 		= {https://github.com/axboe/fio},
	urldate 	= {2017-02-15},
	year 		= {2017}
}

@misc{github_memcached,
	author 		= {Danga Interactive},
	booktitle 	= {Danga Interactive},
	title 		= {{Memcached}},
	url 		= {https://github.com/memcached/memcached},
	urldate 	= {2017-02-15},
	year 		= {2017}
}

%%-------------------------------------------------------------------
%%	Exemples
%%-------------------------------------------------------------------
Misc{ Artho03,
	author = "C. Artho and K. Havelund and A. Biere",
	title = "High-Level Data Races",
	text = "C. Artho, K. Havelund, and A. Biere. High-Level Data Races. In VVEIS'03, The First International Workshop on Verification and Validation of Enterprise Information Systems, April 2003. Angers, France.",
	year = "2003",
	url = "citeseer.ist.psu.edu/artho03highlevel.html"
}

InProceedings{ Artho04,
	author = "Cyrille Artho and Klaus Havelund and Armin Biere",
	title = "Using Block-Local Atomicity to Detect Stale-Value Concurrency Errors",
	booktitle = "ATVA",
	year = "2004",
	pages = "150--164",
	crossref = "DBLP:conf/atva/2004",
	bibsource = "DBLP, http://dblp.uni-trier.de",
	ee = "http://springerlink.metapress.com/openurl.asp?genre=article{\&}issn=0302-9743{\&}volume=3299{\&}spage=150"
}

Article{ Beckman08,
	title = "Verifying Correct Usage of Atomic Blocks and Typestate",
	author = "Nels E. Beckman and Kevin Bierhoff and Jonathan Aldrich",
	publisher = "ACM",
	address = "New York, NY, USA",
	journal = "SIGPLAN Not.",
	pages = "227--244",
	volume = "43",
	number = "10",
	year = "2008",
	issn = "0362-1340",
	doi = "http://doi.acm.org/10.1145/1449955.1449783"
}

InProceedings{ Flanagan04,
	author = "Cormac Flanagan and Stephen N Freund",
	title = "Atomizer: a dynamic atomicity checker for multithreaded programs",
	booktitle = "POPL '04: Proceedings of the 31st ACM SIGPLAN-SIGACT symposium on Principles of programming languages",
	year = "2004",
	isbn = "1-58113-729-X",
	pages = "256--267",
	location = "Venice, Italy",
	doi = "http://doi.acm.org/10.1145/964001.964023",
	publisher = "ACM",
	address = "New York, NY, USA"
}

Misc{ IBM-Rep,
	title = "{IBM's Concurrency Testing Repository}"
}

InProceedings{ Praun03,
	author = "Christoph {von Praun} and Thomas R. Gross",
	title = "Static Detection of Atomicity Violations in Object-Oriented Programs",
	booktitle = "Journal of Object Technology",
	year = "2003",
	pages = "2004"
}

InProceedings{ Shavit95,
	author = "Nir Shavit and Dan Touitou",
	title = "Software transactional memory",
	booktitle = "PODC '95: Proceedings of the fourteenth annual ACM symposium on Principles of distributed computing",
	year = "1995",
	isbn = "0-89791-710-3",
	pages = "204--213",
	location = "Ottowa, Ontario, Canada",
	doi = "http://doi.acm.org/10.1145/224964.224987",
	publisher = "ACM",
	address = "New York, NY, USA"
}

Book{ Silberschatz06,
	author = "Abraham Silberschatz and Henry F. Korth and S. Sudarshan",
	title = "Database System Concepts",
	publisher = "McGraw-Hill",
	year = "2006",
	edition = "Fifth",
	isbn = "007-124476-X"
}

Book{ Moss85,
	author = "J. Eliot B. Moss",
	title = "Nested transactions: an approach to reliable distributed computing",
	year = "1985",
	isbn = "0-262-13200-1",
	publisher = "Massachusetts Institute of Technology",
	address = "Cambridge, MA, USA"
}

Proceedings{ DBLP:conf/atva/2004,
	editor = "Farn Wang",
	title = "Automated Technology for Verification and Analysis: Second International Conference, ATVA 2004, Taipei, Taiwan, ROC, October 31-November 3, 2004. Proceedings",
	booktitle = "ATVA",
	publisher = "Springer",
	series = "Lecture Notes in Computer Science",
	volume = "3299",
	year = "2004",
	isbn = "3-540-23610-4",
	bibsource = "DBLP, http://dblp.uni-trier.de"
}
